2446 4506
216 427 297 490 Vll!

101 618 109 632 ‘
215 605 447 704 uidebantur,
488 603 630 704 quoties
657 601 936 692 succurrebant,
975 601 1138 684 indicare

215 729 300 807 satis
317 729 444 816 habui,
468 749 531 804 eos
548 747 670 802 autem
693 726 800 803 sacrae
819 728 999 836 scripturae
1016 729 1138 818 locos,

124 939 125 946 ἵ
216 877 406 953 quoscum
423 845 604 935 universo,
630 851 726 924 unde
753 849 1006 936 sumtioffent,
1045 851 1141 928 libro

215 969 292 1078 jam
320 979 436 1076 priore
456 972 574 1071 aliqua
589 972 776 1072 scriptione
792 973 1057 1070 expianaisem,
1093 973 1140 1052 li·

218 1115 278 1198 cet
295 1098 449 1183 sensum,
475 1121 583 1198 quem
605 1106 733 1184 tenen,
760 1121 831 1174 non
862 1085 1026 1176 omuibus
1054 1119 1141 1196 pro·

220 1225 297 1304 bari
324 1223 471 1309 scirem,
497 1220 705 1321 plerumque
729 1231 852 1298 tamon
884 1223 1019 1322 absque
1041 1245 1140 1300 nora

218 1347 338 1447 aliqua
354 1345 595 1424 annotatione
615 1343 789 1442 usurpavi
842 1345 896 1422 Ea
915 1346 1071 1445 denique
1085 1337 1141 1420 lo·

172 1563 181 1588 f
218 1493 281 1558 oa,
308 1493 458 1575 quorum
481 1468 599 1544 divina
624 1467 815 1544 auctoritas
839 1463 897 1544 vel
925 1472 970 1548 iis
996 1469 1139 1548 team·

216 1596 302 1680 bus,
329 1595 390 1693 qui
412 1605 571 1670 ceterum
589 1591 721 1667 divinas
739 1591 960 1670 austeritatis
977 1617 1049 1670 non
1061 1591 1138 1670 ,sunt

216 1719 257 1800 in
274 1717 475 1794 universum
489 1715 741 1813 impatientes,
764 1715 825 1791 sed
850 1715 1031 1817 exanimo
1053 1737 1134 1790 eam

217 1841 325 1921 sacris
344 1839 456 1916 literis
472 1859 602 1932 magna
625 1835 809 1915 saltemus
830 1853 931 1939 parte
953 1833 1136 1926 tribuant,

148 1947 152 1953 ⁶
216 1966 344 2080 variis
366 1964 411 2038 de
440 1947 572 2073 'cautius
616 1959 654 2036 in
693 1963 840 2038 dubium
879 1951 1003 2042 venire
1036 1963 1138 2064 poffit

221 2086 277 2188 (§.
303 2111 359 2183 15.
385 2093 433 2174 a).
448 2083 498 2184 e),
525 2085 569 2159 ab
582 2082 726 2182 reliquis
739 2073 975 2182 argumentis,
998 2087 1138 2187 inquae

208 2211 316 2292 nulia
338 2207 419 2285 talis
445 2207 619 2286 dubitatio
648 2208 762 2296 cadit,
788 2209 919 2286 idcirco
953 2209 1137 2310 separavi,
1221 2277 1222 2296 ,

132 2356 136 2363 ’
218 2351 261 2416 ut
300 2335 457 2436 priorum
495 2343 789 2430 argumentorum
825 2333 986 2410 admistio
1014 2334 1138 2410 alteris
1221 2329 1222 2416 ἰ

217 2461 257 2542 bt
280 2461 359 2559 ipsi,
383 2481 465 2564 quae
482 2457 734 2542 confirmatur,
757 2457 926 2536 dounnae
950 2465 1053 2533 tanto
1067 2459 1138 2538 mi·

216 2607 287 2664 nus
308 2584 465 2671 obeffet‚
506 2581 566 2658 sed
594 2579 800 2659 dubitantes
832 2579 1136 2684 admouerentur,

217 2721 392 2809 quantum
438 2727 589 2804 quaeque
623 2703 798 2781 dubitatio
835 2689 944 2802 poisat
1013 2685 1139 2785 Veluti

178 2817 183 2836 ‘
215 2827 251 2932 ς.
279 2853 338 2927 pr.
364 2827 479 2927 primo
517 2827 630 2903 statim
659 2825 822 2924 ausperto
847 2837 969 2931 patet,
1009 2809 1142 2904 mortis

218 2951 348 3058 Christi
369 2949 581 3048 palmarium
601 2948 783 3026 confilium
810 2972 861 3024 ex
879 2949 984 3052 libris¹
1008 2979 1139 3039 amor-

210 3071 435 3174 'pinnata
479 3095 551 3148 non
576 3093 625 3149 ex
658 3065 843 3176 espistolae
875 3073 922 3149 ad
957 3071 1138 3148 Hebraeos

98 3215 118 3291 'j
217 3216 344 3276 anam
369 3193 408 3274 &
433 3195 642 3270 auctoritate
663 3177 785 3272 *divina
806 3195 988 3292 pendere,
1030 3212 1137 3292 quae‚
1220 3263 1221 3276 ,

217 3320 281 3400 etsi
298 3320 441 3398 indubia
464 3317 564 3394 mihi
578 3315 736 3405 videtur,
762 3329 885 3393 tamen
910 3341 932 3414 a
955 3317 1078 3394 multis
1096 3317 1138 3394 in
1220 3321 1221 3398 i

217 3443 490 3540 controuersiam
511 3453 668 3544 vocatus
720 3441 813 3518 Cum
843 3439 1020 3540 doctrinas
1040 3439 1136 3515 chri·

174 3571 177 3576 “
214 3571 360 3654 stmnae,
393 3563 455 3641 nisu
480 3547 584 3640 firmo
619 3561 750 3640 aisensu
787 3562 1062 3659 comprobetur,
1095 3562 1137 3642 in

74 3743 77 3751 ι
161 3727 166 3732 ·
217 3687 443 3801 emendando
463 3687 501 3765 ἀ
521 3687 784 3786 tranquillando
805 3687 925 3762 animo
943 3685 1041 3762 nulla
1060 3683 1140 3760 effi·

216 3815 350 3899 cacitas
373 3811 441 3890 effe
468 3811 587 3914 poffit,
616 3834 861 3916 magnumque
885 3804 1048 3912 inprimis
1073 3807 1139 3888 de·
1166 3881 1168 3892 .
