2446 4506
837 416 841 424 ‘
966 424 994 477 l!

72 594 159 672 dem
183 586 310 668 exarte
325 585 431 664 'notio
453 584 621 688 utrinque
643 584 839 690 respondet.
903 593 995 684 Quae

68 711 308 814 discrepantia
345 708 544 796 identidem
573 710 756 791 observata
795 713 898 800 facile
925 739 994 792 eae

68 843 190 918 etiam·
207 832 403 934 systematis
423 833 561 930 recepti
577 847 716 932 partes,
743 837 888 936 adquae
905 839 1005 943 nihil,

67 962 219 1038 omnlno
245 957 424 1056 pertinet,
449 973 513 1032 aut
530 979 680 1056 quarum
698 971 796 1035 certe
820 960 992 1038 summam

69 1111 147 1164 non
167 1081 330 1176 attingit,
355 1078 511 1155 incautis
527 1079 565 1154 in
585 1078 814 1179 suspicionem
836 1084 992 1171 adducit,

70 1204 283 1305 &publicae
305 1202 479 1278 dostrinae
504 1205 796 1315 contemtricibua
828 1207 992 1294 vocibus,

67 1332 204 1432 quibus
231 1323 339 1404 hodie
364 1325 485 1402 omnia
510 1324 701 1416 reiopant,
727 1317 855 1405 ¹aures
888 1343 992 1409 tanto
1022 1355 1023 1362 ¹

67 1453 191 1548 magis
217 1448 409 1547 patefacit,
444 1461 588 1553 quanto·
604 1449 826 1548 frequentius
860 1453 994 1533 induiti

68 1591 139 1656 aut
156 1569 345 1650 illiberales
379 1559 566 1651 adversarii
595 1572 807 1670 permiscent
841 1559 990 1663 omnia,

69 1718 256 1799 quumque
280 1706 405 1770 contra
427 1693 597 1775 dostrinae
618 1693 805 1792 cuiusdam
836 1699 990 1777 christia·

68 1843 132 1899 nae
156 1816 386 1928 acceffionepn
413 1816 568 1915 aliquam
605 1833 667 1900 aut
695 1833 820 1900 contra
854 1833 990 1898 certam

66 1943 241 2024 dntirinne
273 1938 517 2038 exprimendae
551 1944 754 2030 rationem,
800 1942 892 2040 saepe
920 1967 989 2017 nec

67 2063 286 2170 propositam
317 2062 473 2160 quiden
488 2135 493 2142 ,
511 2066 650 2162 publice
684 2080 747 2143 aut
782 2065 844 2166 ipsi
882 2067 990 2147 coetui

66 2190 189 2270 nostro
230 2184 447 2298 probaturi,
493 2187 762 2280 declaclarant,
814 2189 908 2268 illico
924 2184 991 2266 ¹»eie

69 2314 144 2415 ipsa
172 2311 331 2392 doitrinn
351 2308 590 2406 triumphant,
614 2327 716 2408 quae,
742 2311 991 2388 omnibusiliia

70 2435 238 2516 resecatis
266 2445 329 2506 aut
353 2431 392 2506 in
412 2429 531 2510 medio
554 2433 704 2518 reliiiis,
745 2433 842 2510 salua
866 2446 994 2512 tamen
1040 2404 1054 2432 ἶ

69 2570 195 2640 nannet
216 2568 325 2654 atque
360 2555 524 2654 integra.-
571 2555 778 2653 Expeditior
801 2556 850 2634 est
878 2555 1000 2637 altera

68 2683 152 2767 via,
173 2703 246 2778 qua
267 2678 325 2755 vel
344 2676 489 2774 singulis
504 2677 701 2781 christianae
732 2677 901 2756 dostrinae
930 2702 989 2766 ca·

67 2801 229 2904 prtinus,
271 2824 317 2876 eu
342 2800 601 2901 ipsascriptura
637 2800 810 2892 traditis,
838 2800 989 2902 seorsum
1066 2850 1069 2858 ,
1105 2793 1110 2800 ’

66 2929 185 3006 sorina
218 2924 370 3000 docendi
399 2909 838 3030 ecplesrastica'snhjicitrrr,
880 2947 988 3024 quam
1066 2897 1072 2928 ¹

66 3049 247 3130 rationem
268 3047 303 3125 b.
321 3049 442 3128 Morus
466 3050 670 3150 nuperrime
686 3046 826 3124 secutus
842 3047 909 3135 est,
931 3048 988 3128 vel
1105 3029 1112 3046 ’

67 3172 117 3250 ad
141 3185 330 3270 utramque
350 3197 427 3252 rem
443 3171 542 3250 suum
560 3173 688 3276 cuique
700 3171 988 3272 propriumtem·

66 3319 138 3398 pus
152 3294 348 3393 seponitur,
376 3297 502 3392 nlioprn
529 3295 721 3373 studiorum
747 3290 864 3388 cursu,
902 3317 987 3391 qua.

67 3418 141 3526 lem
162 3417 262 3504 fere,
285 3428 326 3494 ut
341 3417 449 3515 hujus
471 3394 579 3493 etiarn
610 3413 753 3512 generis
782 3416 985 3517 exemplum

66 3539 293 3638 adjungam,
308 3539 344 3618 S.
364 3539 406 3616 V.
423 3538 650 3623 Griesbcclriar
664 3537 869 3635 designavit,
889 3537 985 3620 ,ohne

65 3663 177 3740 stiana
194 3661 353 3742 doslrina
378 3685 399 3739 e
428 3661 505 3744 solil
532 3664 629 3744 libris
658 3664 763 3751 sacris
791 3661 983 3758 repetitur,

67 3787 133 3860 olio
157 3785 265 3861 nostri
288 3797 404 3862 coetus
433 3781 584 3864 formula
606 3786 794 3885 separatim
816 3781 984 3861 trasiatur
1109 3799 1111 3807 ¹
1208 3771 1209 3847 l
